<record xmlns="http://www.loc.gov/MARC21/slim" xmlns:xsi="http://www.w3.org/2001/XMLSchema-instance" xsi:schemaLocation="http://www.loc.gov/MARC21/slim http://www.loc.gov/standards/marcxml/schema/MARC21slim.xsd">

  <leader>01747nab a2200169   4500</leader>
  <controlfield tag="005">20160420142012.0</controlfield>
  <controlfield tag="008">160420b2010    cr f|||| |||| 00| 0 spa d</controlfield>
  <datafield ind2=" " ind1=" " tag="090">
    <subfield code="a">REVIS 06.02.01</subfield>
  </datafield>
  <datafield ind2=" " ind1="1" tag="100">
    <subfield code="9">1577</subfield>
    <subfield code="a">Garita Figueiredo, Renato</subfield>
  </datafield>
  <datafield ind2="0" ind1="1" tag="245">
    <subfield code="a">Modelos y teorías computacionales de la memoria humana: un estado de la cuestión y análisis crítico /</subfield>
    <subfield code="c">Renato Garita Figueiredo, </subfield>
  </datafield>
  <datafield ind1=" " tag="260" ind2=" ">
    <subfield code="a">San José, Costa Rica : </subfield>
    <subfield code="b">Editorial Universidad de Costa Rica,</subfield>
    <subfield code="c">2010</subfield>
  </datafield>
  <datafield ind1=" " tag="300" ind2=" ">
    <subfield code="a">páginas 75-94</subfield>
  </datafield>
  <datafield tag="520" ind1=" " ind2=" ">
    <subfield code="a">Las funciones de la memoria están intimamente ligadas a todos los procesos cognitivos humanos. El estudio de la memoria humana está sumido en un sinnúmero de teorías y modelos de toda índole, por lo que es necesario aclarar el panorama de estudio para crear mejores aplicaciones en educación y en otras áreas relacionadas. Este artículo sobre modelos y teorías computacionales de la memoria es parte de una línea de investigación en memoria humana que busca crear un estado de la cuestión sobre el peso de los estudios actuales en el área. Se realiza una revisión crítica de 37 artículos sobre computacióny memoria utilizando un instrumento de análisis que se ha denominado "tamiz". Se identifican los aspectos más relevantes encontrados en estos artículos y se concluye con unas observaciones generales sobre lo encontrado. Los resultados muestran que hay una gran dependencia a la utilización de la metáfora computacional de la mente para explicar los procesos cognitivos de los seres humanos</subfield>
  </datafield>
  <datafield ind1="1" tag="650" ind2="4">
    <subfield code="9">1</subfield>
    <subfield code="a">EDUCACIÓN</subfield>
  </datafield>
  <datafield ind1="0" tag="773" ind2=" ">
    <subfield code="d">San José, Costa Rica : Editorial de la Universidad de Costa Rica, 1997-</subfield>
    <subfield code="o">R0361</subfield>
    <subfield code="t">EDUCACIÓN: Revista de la Universidad de Costa Rica</subfield>
    <subfield code="g">Vol.34, no.2 (jul.-dic., 2010) </subfield>
  </datafield>
  <datafield ind2=" " ind1=" " tag="942">
    <subfield code="2">z</subfield>
    <subfield code="c">10</subfield>
  </datafield>
  <datafield ind1=" " tag="999" ind2=" ">
    <subfield code="c">3127</subfield>
    <subfield code="d">3127</subfield>
  </datafield>
</record>